<?xml version="1.0" encoding="UTF-8"?><collection xmlns="http://www.loc.gov/MARC21/slim"><record><leader>00379nam--2200145-i-4500</leader><controlfield tag="001">000025009</controlfield><controlfield tag="002">20161230</controlfield><controlfield tag="005">20161230201035</controlfield><controlfield tag="008">060222s1000------------r-----000-0-eng-d</controlfield><datafield ind1=" " ind2=" " tag="080"><subfield code="a">20</subfield></datafield><datafield ind1=" " ind2=" " tag="100"><subfield code="a">Hildebrand, F.B</subfield></datafield><datafield ind1=" " ind2=" " tag="245"><subfield code="a">Methods of applied mathematics</subfield></datafield><datafield ind1=" " ind2=" " tag="260"><subfield code="a">New York, Prentice-hall, /1954/, Xiv + 523 P</subfield></datafield><datafield ind1=" " ind2=" " tag="490"><subfield code="a">Prentice-hall Mathematics Series</subfield></datafield><datafield ind1=" " ind2=" " tag="852"><subfield code="a">11175</subfield></datafield></record></collection>